
% Introduction 
% Usage

% overlay
@inproceedings{FH95,
  title={{Overlaying Simply Connected Planar Subdivisions In Linear Time}},
  author={Finke, Ulrich and Hinrichs, Klaus H},
  booktitle={{Symposium On Computational Geometry}},
  year={1995}
}
@inproceedings{KV07,
  title={{Shapefile Overlay Using a Doubly-Connected Edge List}},
  author={Katz, Phil and Vincent, Stephen St},
  year = {2007},
  booktitle={Senior Conference on Computational Geometry and GIS}
}

% voronoi
@book{DVO+00,
  title={{Computational Geometry: Algorithms and Applications}},
  author={De Berg, Mark Theodoor and Van Kreveld, Marc and Overmars, Mark and Schwarzkopf, Otfried},
  year={2000},
  publisher={Springer Science \& Business Media}
}
@inproceedings{K06,
  title={{Voronoi diagrams in CGAL}},
  author={Karavelas, Menelaos I},
  booktitle={European Workshop on Computational Geometry},
  year={2006}
}

% planar graph
@inproceedings{AC18,
  title={{A Simple Linear-Time Algorithm for Computing the Centroid and Canonical Form of a Plane Graph and Its Applications}},
  author={Akutsu, Tatsuya and de la Higuera, Colin and Tamura, Takeyuki},
  booktitle={Annual Symposium on Combinatorial Pattern Matching},
  year={2018},
}

% polyhedron
@inproceedings{KBB12,
  title={{Fast Slicing Of Orthogonal Covers Using DCEL}},
  author={Karmakar, Nilanjana and Biswas, Arindam and Bhowmick, Partha},
  booktitle={International Workshop on Combinatorial Image Analysis},
  year={2012}
}

% TIN data
@inproceedings{STL+04,
  title={{A New Approach For A Topographic Feature-Based Characterization of Digital Elevation Data}},
  author={Saux, Eric and Thibaud, R{'e}my and Li, Ki-Joune and Kim, Min-Hwan},
  booktitle={Proceedings of ACM GIS},
  year={2004}
}

% graph simplification
@inproceedings{G95,
  title={{Simplification of Irregular Surfaces Meshes in 3D Medical Images}},
  author={Gourdon, Alexis},
  booktitle={Computer Vision, Virtual Reality and Robotics in Medicine},
  year={1995}
}

% triangulations
@article{A96,
  title={{Generating Rooted Triangulations Without Repetitions}},
  author={Avis, David},
  journal={Algorithmica},
  year={1996}
}

@article{LBC+21,
  title={{AOI-shapes: An Efficient Footprint Algorithm to Support Visualization of User-defined Urban Areas of Interest}},
  author={Li, Mingzhao and Bao, Zhifeng and Choudhury, Farhana and Samet, Hanan and Duckham, Matt and Sellis, Timos},
  journal={ACM Transactions on Interactive Intelligent Systems},
  year={2021}
}

% subdivision traversal 
@article{DVO+97,
  title={{Simple Traversal of a Subdivision without Extra Storage}},
  author={De Berg, Mark and Van Oostrum, Ren\'{e} and Overmars, Mark},
  journal={Proceedings of the Twelfth Annual Symposium on Computational Geometry},
  year={1996}
}

% topology manupilation
@inproceedings{ACS00,
  title={{A New Paradigm for Changing Topology Of 2-Manifold Polygonal Meshes}},
  author={Akleman, Ergun and Chen, Jianer and Srinivasan, Vinod},
  booktitle={Pacific Graphics},
  year={2000}
}

% implementations
@incollection{cgal:L22,
  author = {Lutz Kettner},
  title = {{Halfedge Data Structures}},
  booktitle = {{CGAL} User and Reference Manual},
  url = {https://doc.cgal.org/5.4/Manual/packages.html#PkgHalfedgeDS},
  publisher={CGAL Editorial Board},
  year = 2022
}

@MISC{web:dcel,
    TITLE        =  {{DCEL Python Implementation}},
    YEAR          =  {2015},
    HOWPUBLISHED  =  {https://github.com/anglyan/dcel},
    KEY = {DCEL_Python}
}

@MISC{QGIS,
      title = {{QGIS Geographic Information System}},
      HOWPUBLISHED = {https://www.qgis.org},
      KEY = {QGIS}
}

@MISC{shapely,
  title = {{Shapely: Manipulation and Analysis of Geometric Objects}},
  HOWPUBLISHED = {https://github.com/Toblerity/Shapely},
  KEY = {SHAPELY}
}

@MISC{POSTGIS,
  title={{PostGIS}},
  HOWPUBLISHED={https://postgis.net},
  KEY={POSTGIS}
}

@article{YZS18,
  title={Spatial Data Management in {Apache Spark}: the {GeoSpark} Perspective and Beyond},
  author={Yu, Jia and Zhang, Zongsi and Sarwat, Mohamed},
  journal={GeoInformatica},
  year={2018}
}

@MISC{web:googlemaps,
    TITLE = {{GoogleMaps}},
    HOWPUBLISHED = {https://www.google.com/maps},
    KEY = {GOOGLEMAPS}
}
@MISC{web:osm,
    TITLE = {{OpenStreetMap}},
    HOWPUBLISHED = {https://www.openstreetmap.org/},
    KEY = {OSMAPS}
}


% related work
@article{MP78,
  title={{Finding The Intersection Of Two Convex Polyhedra}},
  author={Muller, David E. and Preparata, Franco P.},
  journal={Theoretical Computer Science},
  year={1978}
}

@MISC{web:jts:polygonizer,
 TITLE = {{JTS Polygonizer Implementation}},
 HOWPUBLISHED = {https://github.com/locationtech/jts},
 KEY = {JTS}
}

@MISC{web:geos:polygonizer,
 TITLE = {{GEOS Polygonizer Implementation}},
 HOWPUBLISHED = {https://github.com/libgeos/geos},
 KEY = {GEOS}
}

@article{PVK21,
  title={How Good Are Modern Spatial Libraries?},
  author={Pandey, Varun and van Renen, Alexander and Kipf, Andreas and Kemper, Alfons},
  journal={Data Science and Engineering},
  year={2021}
}

@inproceedings{AWV+13,
  title={{Hadoop-GIS}: A High Performance Spatial Data Warehousing System Over {Map-Reduce}},
  author={Aji, Ablimit and Wang, Fusheng and Vo, Hoang and Lee, Rubao and Liu, Qiaoling and Zhang, Xiaodong and Saltz, Joel},
  booktitle={VLDB Journal},
  year={2013}
}

@inproceedings{EM15,
  title={Spatialhadoop: A {Map-Reduce} Framework For Spatial Data},
  author={Eldawy, Ahmed and Mokbel, Mohamed F},
  booktitle={Proceedings of the IEEE International Conference on Data Engineering, ICDE},
  year={2015}
}

@inproceedings{YZG15,
  title={Large-scale Spatial Join Query Processing In Cloud},
  author={You, Simin and Zhang, Jianting and Gruenwald, Le},
  booktitle={Proceedings of the IEEE International Conference on Data Engineering, ICDE},
  year={2015}
}

@article{HS03,
  title={Data-parallel polygonization},
  author={Hoel, Erik G and Samet, Hanan},
  journal={Parallel Computing},
  year={2003}
}

% preliminaries 
@inproceedings{ACD+12,
  title={{Resilient Distributed Datasets: A {Fault-Tolerant} Abstraction for {In-Memory} Cluster Computing}},
  author={Zaharia, Matei and Chowdhury, Mosharaf and Das, Tathagata and Dave, Ankur and Ma, Justin and McCauly, Murphy and Franklin, Michael J and Shenker, Scott and Stoica, Ion},
  booktitle={USENIX Symposium on Networked Systems Design and Implementation (NSDI)},
  year={2012}
}

% experiments
@MISC{web:data:usa,
    TITLE = {{U.S. Street Network Shapefiles, Node/Edge Lists, and GraphML Files}},
    HOWPUBLISHED = {https://doi.org/10.7910/DVN/CUWWYJ},
    KEY = {USA_DATA}
}

@MISC{web:data:continents,
    TITLE = {{OpenStreetMap Data Extracts}},
    HOWPUBLISHED = {http://download.geofabrik.de/},
    KEY = {OSM_DATA}
}

@article{quadtree,
author = {Finkel, Raphael and Bentley, Jon},
year = {1974},
month = {03},
pages = {1-9},
title = {Quadtrees: A Data Structure for Retrieval on Composite Keys.},
volume = {4},
journal = {Acta Inf.}
}
