%% Owns
@inproceedings{LailaMDMPaper,
  author={Abdelhafeez, Laila and Magdy, Amr and Tsotras, Vassilis},
  booktitle={2023 24th IEEE International Conference on Mobile Data Management (MDM)}, 
  title={{DDCEL}: Efficient Distributed Doubly Connected Edge List for Large Spatial Networks}, 
  year={2023},
  volume={},
  number={},
  pages={122-131}
}

@inproceedings{sdcel_paper,
        author = {Calderon, Andres and Tsotras, Vassilis and Magdy, Amr},
        title = {Scalable Overlay Operations over {DCEL} Polygon Layers},
        year = {2023},
        isbn = {9798400708992},
        publisher = {Association for Computing Machinery},
        address = {New York, NY, USA},
        booktitle = {Proceedings of the 18th International Symposium on Spatial and Temporal Data},
        pages = {85–95},
        numpages = {11},
        keywords = {overlay operator, Spatial data structures, DCEL},
        series = {SSTD '23}
}


%% Fundamentals
@article{muller_finding_1978,
	title = {Finding the intersection of two convex polyhedra},
	volume = {7},
	number = {2},
	journal = {Theoretical Computer Science},
	author = {Muller, D. and Preparata, F.},
	year = {1978},
	pages = {217--236}
}

@book{preparata_computational_1985,
	title = {Computational geometry: an introduction},
	publisher = {Springer},
        address = {New York, NY},
	author = {Preparata, F. and Shamos, M.},
	year = {1985}
}

@book{berg_computational_2008,
	title = {Computational Geometry: Algorithms and Applications},
	publisher = {Springer},
	author = {Berg, M. and Cheong, O. and Kreveld, M. and Overmars, M.},
        address = {TU Eindhoven, P.O. Box 513},
	year = {2008}
 }

%% Arrangements
@inproceedings{agarwal_arrangements_1998,
	title = {Arrangements and {Their} {Applications}},
	booktitle = {Handbook of {Computational} {Geometry}},
	publisher = {Elsevier Science},
	author = {Agarwal, P.K. and Sharir, M.},
	year = {1998},
	pages = {49--119}
}

@incollection{halperin-arrangements-2004, 
    author =  "Halperin, D.",
    title =   "Arrangements", 
    chapter = 24, 
    editor =  "Jacob E. G. and O'Rourke, J.", 
    booktitle =   "Handbook of Discrete and Computational Geometry", 
    publisher =   "CRC Press", 
    year =    2004, 
    pages =   "529--562"
} 

%% Sequential techniques
@article{barequet_dcel_1998,
	title = {{DCEL} - A Polyhedral Database and Programming Environment},
	volume = {08},
	number = {05n06},
	journal = {IJCGA},
	author = {Barequet, G.},
	year = {1998},
	pages = {619--636}
}

@inproceedings{boltcheva_topological-based_2020,
	title = {Topological-based roof modeling from {3D} point clouds},
	volume = {28},
	booktitle = {WSCG},
	author = {Boltcheva, D. and Basselin, J. and Poull, C. and Barthélemy, H. and Sokolov, D.},
	year = {2020},
        publisher={Union Agency, Science Press},
        address = {CZ 301 00 Plzen},
	pages = {137--146}
}

@misc{ freiseisen_colored_1998,
    author = {W. Freiseisen},
    title = {Colored {DCEL} for boolean operations in {2D}},
    text = {Technical Report 98--03, University of Linz},
    year = {1998}
}

@misc{holmes_dcel_2021,
	title = {The {DCEL} Data Structure for 3D Graphics},
	publisher = {University of Bremen},
	author = {Holmes, R.},
	year = {2021}
}

@inproceedings{becker_algorithms_1999,
	title = {Algorithms for {Performing} {Polygonal} {Map} {Overlay} and {Spatial} {Join} on {Massive} {Data} {Sets}},
	publisher = {Springer},
	author = {Becker, L. and Giesen, A. and Hinrichs, K. and Vahrenhold, J.},
	year = {1999},
	pages = {270--285}
}

@article{berberich_arrangements_2010,
	title = {Arrangements on Parametric Surfaces},
	volume = {4},
	number = {1},
	journal = {Mathematics in Computer Science},
	author = {Berberich, E. and Fogel, E. and Halperin, D. and Kerber, M. and Setter, O.},
	year = {2010},
	pages = {67--91}
}

@article{boguslawski_modelling_2011,
	title = {Modelling and analysing {3D} buildings with a primal/dual data structure},
	volume = {66},
	number = {2},
	journal = {ISPRS},
	author = {Boguslawski, P. and Gold, C. and Ledoux, H.},
	year = {2011},
	pages = {188--197}
}

@article{chew_convex_1993,
	title = {A convex polygon among polygonal obstacles},
	volume = {3},
	number = {2},
	journal = {Computational Geometry},
	author = {Chew, L. and Kedem, K.},
	year = {1993},
	pages = {59--89}
}

@book{orourke_art_1987,
	title = {Art gallery theorems and algorithms},
	publisher = {Oxford University Press},
        address = {United States},
	author = {O'Rourke, J.},
	year = {1987}
}

@article{chvatal_combinatorial_1975,
	title = {A combinatorial theorem in plane geometry},
	volume = {18},
	number = {1},
	journal = {Combinatorial Theory},
	author = {Chvátal, V.},
	year = {1975},
	pages = {39--41}
}

%% Parallel spatial joins
@inproceedings{challa_dd-rtree_2016,
	title = {{DD}-{Rtree}: {A} dynamic distributed data structure for efficient data distribution among cluster nodes for spatial data mining algorithms},
	booktitle = {{IEEE} {Big} {Data}},
	author = {Challa, J. and Goyal, P. and Nikhil, S. and Mangla, A. and Balasubramaniam, S. and Goyal, N.},
	year = {2016},
        address = {222 Rosewood Drive, Danvers, MA 01923.},
        publisher = {IEEE},
	pages = {27--36}
}

@inproceedings{franklin_data_2018,
	title = {Data Structures for Parallel Spatial Algorithms on Large Datasets},
	booktitle = {ACM {BigSpatial}},
	author = {Franklin, W. and Magalhães, S. and Andrade, M.},
        publisher = {ACM},
        address = {Seattle, WA, USA},
	year = {2018},
	pages = {16--19},
}

@inproceedings{magalhaes_fast_2015,
	title = {Fast exact parallel map overlay using a two-level uniform grid},
	booktitle = {ACM {BigSpatial}},
	author = {Magalhães, S. and Andrade, M. and Franklin, W. and Li, W.},
        publisher = {Association for Computing Machinery},
        address = {New York, NY, USA},
        year = {2015},
	pages = {45--54}
}

@inproceedings{puri_mapreduce_2013,
	title = {{Map-Reduce} Algorithms for {GIS} Polygonal Overlay Processing},
	booktitle = {{IEEE} IPDPS},
	author = {Puri, S. and Agarwal, D. and He, X. and Prasad, S.},
	year = {2013},
        publisher = {IEEE},
        address = {Cambridge, MA, USA},
	pages = {1009--1016}
}

@inproceedings{sabek_spatial_2017,
	title = {On Spatial Joins in {Map-Reduce}},
	booktitle = {{ACM} {SIGSPATIAL}},
	author = {Sabek, I. and Mokbel, M.},
        publisher = {Association for Computing Machinery},
        address = {New York, NY, USA},
	year = {2017},
	pages = {1--10}
}

@article{li_scalable_2019,
	title = {Scalable computational geometry in {Map-Reduce}},
	journal = {VLDB},
	number = {1},
	volume = {28},
	pages = {523–548},
	author = {Li, Y. and Eldawy, A. and Xue, J. and Knorozova, N. and Mokbel, M. and Janardan, R.},
	year = {2019}
}

@article{zhou_parallel_2018,
	title = {A parallel method to accelerate spatial operations involving polygon intersections},
	volume = {32},
	issn = {1365-8816},
	number = {12},
	urldate = {2021-03-08},
	journal = {International Journal of Geographical Information Science},
	author = {Zhou, Chen and Chen, Zhenjie and Li, Manchun},
	month = dec,
	year = {2018},
	pages = {2402--2426}
}

@inproceedings{puri_efficient_2013,
	title = {Efficient Parallel and Distributed Algorithms for {GIS} Polygonal Overlay Processing},
	booktitle = {{IEEE} IPDPS},
	author = {Puri, S. and Prasad, S.},
        publisher = {IEEE Computer Society},
        address = {USA},
        year = {2013},
	pages = {2238--2241},
}

%% CGAL
@book{fogel_cgal_2012,
	title = {{CGAL} {Arrangements} and {Their} {Applications}},
	publisher = {Springer Berlin},
	author = {Fogel, E. and Halperin, D. and Wein, R.},
        address = {Heidelberg},
	year = {2012}
}

@article{flato_design_2001,
	title = {The design and implementation of panar maps in {CGAL}},
	volume = {5},
	issn = {1084-6654},
	journal = {ACM Journal of Experimental Algorithmics},
	author = {Flato, Eyal and Halperin, Dan and Hanniel, Iddo and Nechushtan, Oren and Ezra, Eti},
	month = dec,
	year = {2001},
	pages = {13--es}
}

@misc{haran_experimental_2009,
	title = {An experimental study of point location in planar arrangements in {CGAL}},
	publisher = {Association for Computing Machinery},
	author = {Haran, Idit and Halperin, Dan},
	month = feb,
	year = {2009}
}

@article{wein_advanced_2007,
	title = {Advanced programming techniques applied to {Cgal}'s arrangement package},
	volume = {38},
	issn = {09257721},
	language = {en},
	number = {1-2},
	urldate = {2020-04-15},
	journal = {Computational Geometry},
	author = {Wein, Ron and Fogel, Efi and Zukerman, Baruch and Halperin, Dan},
	month = sep,
	year = {2007},
	pages = {37--63}
}

%% LEDA
@article{mehlhorn_leda_1995,
	title = {{LEDA}: a platform for combinatorial and geometric computing},
	volume = {38},
	number = {1},
	journal = {Communications of the ACM},
	author = {Mehlhorn, K. and Näher, S.},
	year = {1995},
	pages = {96--102}
}

@inproceedings{rtree,
    author = {Guttman, A.},
    title = {{R-Trees}: A Dynamic Index Structure for Spatial Searching},
    year = {1984},
    publisher = {Association for Computing Machinery},
    address = {New York, NY, United States},
    booktitle = {ACM SIGMOD ICMD},
    pages = {47–57}
}


@inproceedings{rstar,
    author = {Beckmann, N. and Kriegel, H. and Schneider, R. and Seeger, B.},
    title = {The {R*-Tree}: An Efficient and Robust Access Method for Points and Rectangles},
    year = {1990},
    booktitle = {ACM SIGMOD PODS},
    publisher = {Association for Computing Machinery},
    address = {New York, NY, USA},
    pages = {322–331}
}


@article{gridfile,
    author = {Nievergelt, J. and Hinterberger, H. and Sevcik, K.},
    title = {The Grid File: An Adaptable, Symmetric Multikey File Structure},
    year = {1984},
    volume = {9},
    number = {1},
    journal = {ACM Trans. Database Syst.},
    pages = {38–71}
}

@book{samet-book,
    author = {Samet, H.},
    title = {The design and analysis of spatial data structures},
    year = {1990},
    publisher = {Wesley},
    address = {75 Arlington Street, Suite 300 Boston, MA, United States}
}
